@manual{GuiaEstilo,
	author = "Casilari Pérez, Eduardo and Cortés Arrabal, José Antonio",
	title  = "Breves notas de estilo para la redacción de Proyectos Fin de Carrera y Trabajos Fin de Grado",
	organization = "ETSIT, Universidad de Málaga",
	year = "2013",
	note = "\url{http://www.uma.es/media/files/Manual_de_Estilo_TFG_ETSIT.pdf}"
}

@Manual{IDST,
 author = "Entrambasaguas, J.T.",
 title = "Ingeniería de Desarrollo de sistemas de Telecomunicación, \emph{apuntes de clase}",
 organization = "ETSIT-UMA",
 year = "Curso 2004-2005",
}

@Manual{ProgDoc,
 author = "ETSIT",
 title = "Programación docente",
 organization = "ETSIT-UMA",
 year = "Curso 2000-2001",
 language = {spanish}
}
 
@Book{Lamport,
 author = 	"Leslie Lamport",
 title = 		"\LaTeX : a Document Preparation System",
 edition =  "2nd",
 note = 		"It includes user's Guide and Reference manual. ISBN: 0-201-52983-1",
 month = 		"August",
 year = 		"1999",
 publisher ="AddisonWesley Longman, Inc"
}

@misc{iPhoneWebApps,
  author = {Apple},
  title = {{iPhone to Support Third-Party Web 2.0 Applications}},
  howpublished = "\url{http://www.apple.com/pr/library/2007/06/11iPhone-to-Support-Third-Party-Web-2-0-Applications.html}",
  year = {2007}
}

@Manual{WhatsNewiniOS,
  author = "Apple",
  title = "What's New in iOS",
  language = {english},
  note = "\url{https://developer.apple.com/library/ios/releasenotes/General/WhatsNewIniOS/Introduction/Introduction.html}"
  }