@misc{iPhoneWebApps,
  author = {Apple},
  title = {{iPhone to Support Third-Party Web 2.0 Applications}},
  howpublished = "\url{http://www.apple.com/pr/library/2007/06/11iPhone-to-Support-Third-Party-Web-2-0-Applications.html}",
  year = {2007}
}

@misc{EIS,
  author = "ExpandIT",
  title = "PÃ¡gina oficial de ExpandIT Internet Shop",
  language = {english},
  note = "\url{http://www.expandit.com/622/ExpandIT+Internet+Shop}"
}

@misc{JSON,
  author = "JSON",
  title = "Web oficial de JSON",
  note = "\url{http://www.json.org/}"
}